@inproceedings{Zhou:2018,
 author = {Zhou, Boyou and Gupta, Anmol and Jahanshahi, Rasoul and Egele, Manuel and Joshi, Ajay},
 title = {Hardware Performance Counters Can Detect Malware: Myth or Fact?},
 booktitle = {Proceedings of the 2018 on Asia Conference on Computer and Communications Security},
 location = {Incheon, Republic of Korea},
 url = {http://doi.acm.org/10.1145/3196494.3196515},
 keywords = {hardware performance counters, machine learning, malware detection},
}

@inproceedings{Zhou:2019,
 author = {Zhou, Boyou and Gupta, Anmol and Jahanshahi, Rasoul and Egele, Manuel and Joshi, Ajay},
 title = {Hardware Performance Counters Can Detect Malware: Myth or Fact?},
 booktitle = {Proceedings of the 2019 Top Picks in Hardware and Embedded Security},
 location = {Denver, Colorado},
 url = {http://toppicksinhardwaresecurity.alari.ch/index.html},
 keywords = {hardware performance counters, machine learning, malware detection},
}

@misc{AG:2017,
  title = {MS Thesis: Assessing malware detection using hardware performance counters},
  author = {Gupta, Anmol},
  year = {2017},
  URL = {https://open.bu.edu/handle/2144/27051},
  publisher = {OpenBU}
}